<record><leader>00000cas a22000007a 4500</leader><controlfield tag="001">8821232</controlfield><controlfield tag="008">820930d19041983kyudr ne      0    0eng  </controlfield><datafield ind1=" " ind2=" " tag="010"><subfield code="a">sn 82015471 </subfield></datafield><datafield ind1=" " ind2=" " tag="040"><subfield code="a">DLC</subfield><subfield code="b">eng</subfield><subfield code="c">DLC</subfield><subfield code="d">NSD</subfield><subfield code="d">DLC</subfield><subfield code="d">OCL</subfield><subfield code="d">NPT</subfield><subfield code="d">KNP</subfield><subfield code="d">DLC</subfield><subfield code="d">KNP</subfield><subfield code="d">DLC</subfield><subfield code="d">NVK</subfield><subfield code="d">OCLCQ</subfield><subfield code="d">DLC</subfield><subfield code="d">OCLCO</subfield><subfield code="d">OCLCQ</subfield><subfield code="d">OCLCF</subfield></datafield><datafield ind1=" " ind2=" " tag="019"><subfield code="a">9179959</subfield></datafield><datafield ind1="1" ind2=" " tag="029"><subfield code="a">AU@</subfield><subfield code="b">000025831434</subfield></datafield><datafield ind1=" " ind2=" " tag="042"><subfield code="a">pcc</subfield></datafield><datafield ind1=" " ind2=" " tag="043"><subfield code="a">n-us-ky</subfield></datafield><datafield ind1="0" ind2="0" tag="050"><subfield code="a">Newspaper 7902</subfield></datafield><datafield ind1="0" ind2=" " tag="130"><subfield code="a">Lexington herald (Lexington, Ky. : 1904)</subfield></datafield><datafield ind1="1" ind2="4" tag="245"><subfield code="a">The Lexington herald.</subfield></datafield><datafield ind1="3" ind2="0" tag="246"><subfield code="a">Lexington herald the Lexington leader</subfield></datafield><datafield ind1="3" ind2="0" tag="246"><subfield code="a">Saturday herald and leader</subfield></datafield><datafield ind1="3" ind2="0" tag="246"><subfield code="a">Herald and leader</subfield></datafield><datafield ind1="3" ind2="0" tag="246"><subfield code="a">Sunday herald-leader</subfield></datafield><datafield ind1=" " ind2=" " tag="260"><subfield code="a">Lexington, Ky. :</subfield><subfield code="b">[C.C. Black],</subfield><subfield code="c">1904-1983.</subfield></datafield><datafield ind1=" " ind2=" " tag="300"><subfield code="a">80 v. :</subfield><subfield code="b">ill. ;</subfield><subfield code="c">58 cm.</subfield></datafield><datafield ind1=" " ind2=" " tag="310"><subfield code="a">Daily</subfield></datafield><datafield ind1="0" ind2=" " tag="362"><subfield code="a">34th year, no. 80 (Mar. 20, 1904)- ; -37th year, no. 1 (Jan. 2, 1983).</subfield></datafield><datafield ind1=" " ind2=" " tag="500"><subfield code="a">On Saturday published as: The Lexington herald the Lexington leader, Oct 23, 1965-Dec. 28, 1973, and: The Saturday herald and leader, Jan. 5, 1974-Jan. 2, 1983.</subfield></datafield><datafield ind1=" " ind2=" " tag="500"><subfield code="a">On Sunday published as: Sunday herald-leader, Aug. 8, 1937-Jan. 2, 1983.</subfield></datafield><datafield ind1=" " ind2=" " tag="515"><subfield code="a">Daily, Saturday, and Sunday issues have their own numbering.</subfield></datafield><datafield ind1=" " ind2=" " tag="530"><subfield code="a">Also issued on microfilm from Microfilming Corp. of America., Micro Photo Division, Bell &amp; Howell Co.</subfield></datafield><datafield ind1=" " ind2="0" tag="651"><subfield code="a">Lexington (Ky.)</subfield><subfield code="v">Newspapers.</subfield></datafield><datafield ind1=" " ind2="7" tag="655"><subfield code="a">Newspapers.</subfield><subfield code="2">fast</subfield><subfield code="0">(OCoLC)fst01423814</subfield></datafield><datafield ind1=" " ind2="7" tag="651"><subfield code="a">Kentucky</subfield><subfield code="z">Lexington.</subfield><subfield code="2">fast</subfield><subfield code="0">(OCoLC)fst01206432</subfield></datafield><datafield ind1=" " ind2=" " tag="752"><subfield code="a">United States</subfield><subfield code="b">Kentucky</subfield><subfield code="c">Fayette</subfield><subfield code="d">Lexington.</subfield></datafield><datafield ind1="0" ind2="0" tag="780"><subfield code="t">Morning herald (Lexington, Ky.)</subfield><subfield code="w">(DLC)sn 86069858</subfield></datafield><datafield ind1="0" ind2="5" tag="780"><subfield code="t">Lexington morning democrat</subfield><subfield code="w">(DLC)sn 86069860</subfield></datafield><datafield ind1="0" ind2="7" tag="785"><subfield code="t">Lexington leader (Lexington, Ky. : Daily)</subfield><subfield code="w">(DLC)sn 82016446</subfield></datafield><datafield ind1="0" ind2="7" tag="785"><subfield code="t">Lexington herald-leader</subfield><subfield code="w">(DLC)sn 83000827</subfield></datafield></record>